@article{healthAgents,
author = "A., S. y John, D.",
title = "Survey on Chatbot Design Techniques in Speech",
journaltitle = "International Journal of Advanced Computer Science and Applications",
year = "2015",
volume = "6",
number = "7",
pages="56-67"
}

@article{shouldInteract,
author = "Chaves, A. P. y Gerosa, M. A.",
title = "How Should My Chatbot Interact? A Survey on Social Characteristics in Human–Chatbot Interaction Design",
journaltitle = "International Journal of Human–Computer Interaction",
year = "2020",
volume = "37",
number = "8",
pages= "729-758",
}


